@inproceedings{rios2018learning,
	title         = {Learning non-{G}aussian Time Series using the {B}ox-{C}ox {G}aussian Process},
	author        = {Rios, Gonzalo and Tobar, Felipe},
	year          = 2018,
	booktitle     = {2018 International Joint Conference on Neural Networks (IJCNN)},
	pages         = {1--8},
	organization  = {IEEE}
}
@article{riostobar2019cwgp,
	title         = {Compositionally-Warped {G}aussian Processes},
	author        = {Rios, Gonzalo and Tobar, Felipe},
	year          = {2019},
	journal       = {Neural Networks},
	publisher     = {Elsevier},
	volume        = {118},
	pages         = {235--246}
}
@article{BLWB,
	title         = {{Bayesian learning with {W}asserstein barycenters}},
	author        = {{Backhoff-Veraguas}, Julio and {Fontbona}, Joaquin and {Rios}, Gonzalo and {Tobar}, Felipe},
	journal		  = {arXiv preprint arXiv:1805.10833},
	year		  = {2018}
}
@book{ross1996stochastic,
	title         = {Stochastic processes},
	author        = {Ross, Sheldon M and Kelly, John J and Sullivan, Roger J and Perry, William James and Mercer, Donald and Davis, Ruth M and Washburn, Thomas Dell and Sager, Earl V and Boyce, Joseph B and Bristow, Vincent L},
	year          = 1996,
	publisher     = {Wiley New York},
	volume        = 2
}
@book{coles2001introduction,
	title         = {An introduction to statistical modeling of extreme values},
	author        = {Coles, Stuart and Bawa, Joanna and Trenner, Lesley and Dorazio, Pat},
	year          = 2001,
	publisher     = {Springer},
	volume        = 208
}
@article{silverman1985some,
	title         = {Some aspects of the spline smoothing approach to non-parametric regression curve fitting},
	author        = {Silverman, Bernhard W},
	year          = 1985,
	journal       = {Journal of the Royal Statistical Society: Series B (Methodological)},
	publisher     = {Wiley Online Library},
	volume        = 47,
	number        = 1,
	pages         = {1--21}
}
@incollection{bottou2010large,
	title         = {Large-scale machine learning with stochastic gradient descent},
	author        = {Bottou, L{\'e}on},
	year          = 2010,
	booktitle     = {Proceedings of COMPSTAT'2010},
	publisher     = {Springer},
	pages         = {177--186}
}
@article{stoeber2013simplified,
	title         = {Simplified pair copula constructions--limitations and extensions},
	author        = {Stoeber, Jakob and Joe, Harry and Czado, Claudia},
	year          = 2013,
	journal       = {Journal of Multivariate Analysis},
	publisher     = {Elsevier},
	volume        = 119,
	pages         = {101--118}
}
@article{ghaffari2018multivariate,
	title         = {On Multivariate Optimal Transportation},
	author        = {Ghaffari, Novin and Walker, Stephen},
	year          = 2018,
	journal       = {arXiv preprint arXiv:1801.03516}
}
@misc{rohatgiintroduction,
	title         = {An introduction to probability theory and mathematical statistics. 1976},
	author        = {Rohatgi, VK},
	publisher     = {Wiley, New York}
}
@incollection{schmidt2005tail,
	title         = {Tail dependence},
	author        = {Schmidt, Rafael},
	year          = 2005,
	booktitle     = {Statistical Tools for Finance and Insurance},
	publisher     = {Springer},
	pages         = {65--91}
}
@article{petersen2008matrix,
	title         = {The matrix cookbook},
	author        = {Petersen, Kaare Brandt and Pedersen, Michael Syskind and others},
	year          = 2008,
	journal       = {Technical University of Denmark},
	volume        = 7,
	number        = 15,
	pages         = 510
}
@book{rudin1964principles,
	title         = {Principles of mathematical analysis},
	author        = {Rudin, Walter and others},
	year          = 1964,
	publisher     = {McGraw-hill New York},
	volume        = 3
}
@article{kennedy2010particle,
	title         = {Particle swarm optimization},
	author        = {Kennedy, James},
	year          = 2010,
	journal       = {Encyclopedia of machine learning},
	publisher     = {Springer},
	pages         = {760--766}
}
@article{goodman2010ensemble,
	title         = {Ensemble samplers with affine invariance},
	author        = {Goodman, Jonathan and Weare, Jonathan},
	year          = 2010,
	journal       = {Communications in applied mathematics and computational science},
	publisher     = {Mathematical Sciences Publishers},
	volume        = 5,
	number        = 1,
	pages         = {65--80}
}
@book{ambrosio2008gradient,
	title         = {Gradient flows: in metric spaces and in the space of probability measures},
	author        = {Ambrosio, Luigi and Gigli, Nicola and Savar{\'e}, Giuseppe},
	year          = 2008,
	publisher     = {Springer Science \& Business Media}
}
@inproceedings{snelson2004warped,
	title         = {Warped gaussian processes},
	author        = {Snelson, Edward and Ghahramani, Zoubin and Rasmussen, Carl E},
	year          = 2004,
	journal       = {NIPS},
	booktitle     = {Advances in neural information processing systems},
	publisher     = {MIT Press},
	volume        = 16,
	pages         = {337--344},
	editor        = {S. Thrun and L. K. Saul and P. B. Sch\"{o}lkopf}
}
@inproceedings{NIPS1995_1048,
	title         = {Gaussian processes for regression},
	author        = {Williams, Christopher KI and Rasmussen, Carl Edward},
	year          = 1996,
	booktitle     = {Advances in neural information processing systems}
}
@book{berger2013statistical,
	title         = {Statistical decision theory and {B}ayesian analysis},
	author        = {Berger, James O},
	year          = 2013,
	publisher     = {Springer Science \& Business Media}
}
@book{bogachev2007measure,
	title         = {Measure theory},
	author        = {Bogachev, Vladimir I},
	year          = 2007,
	publisher     = {Springer Science \& Business Media},
	volume        = 1
}
@book{rasmussen06,
	title         = {Gaussian Processes for Machine Learning},
	author        = {Rasmussen, C. E. and Williams, C. K. I.},
	year          = 2006,
	publisher     = {MIT}
}
@inproceedings{wilson2013gaussian,
	title         = {Gaussian process kernels for pattern discovery and extrapolation},
	author        = {Wilson, Andrew and Adams, Ryan},
	year          = 2013,
	booktitle     = {International Conference on Machine Learning},
	pages         = {1067--1075}
}
@article{FGM,
	title         = {Measurability of optimal transportation and strong coupling of martingale measures},
	author        = {Fontbona, Joaquin and Gu\'erin, H\'el\`ene and M\'el\'eard, Sylvie},
	year          = 2010,
	journal       = {Electron. Commun. Probab.},
	volume        = 15,
	pages         = {124--133},
	fjournal      = {Electronic Communications in Probability},
	mrclass       = {49Q20 (60G57)},
	mrnumber      = 2643592,
	mrreviewer    = {Jan Maas}
}
@misc{murphy2007conjugate,
	title         = {Conjugate {B}ayesian analysis of the {G}aussian distribution},
	author        = {Murphy, Kevin P},
	year          = 2007,
	month         = 11
}
@book{ambrosio2013,
	title         = {A user's guide to optimal transport},
	author        = {Ambrosio, Luigi and Gigli, Nicola},
	year          = 2013,
	booktitle     = {Modelling and optimisation of flows on networks},
	publisher     = {Springer},
	pages         = {1--155}
}
@article{mccann2011five,
	title         = {Five lectures on optimal transportation: geometry, regularity and applications},
	author        = {McCann, Robert J and Guillen, Nestor},
	year          = 2011,
	journal       = {Analysis and geometry of metric measure spaces: lecture notes of the s{\'e}minaire de Math{\'e}matiques Sup{\'e}rieure (SMS) Montr{\'e}al},
	pages         = {145--180}
}
@article{marzouk2016introduction,
	title         = {An introduction to sampling via measure transport},
	author        = {Marzouk, Youssef and Moselhy, Tarek and Parno, Matthew and Spantini, Alessio},
	year          = 2016,
	journal       = {arXiv preprint arXiv:1602.05023}
}
@article{el2012bayesian,
	title         = {{B}ayesian inference with optimal maps},
	author        = {El Moselhy, Tarek A and Marzouk, Youssef M},
	year          = 2012,
	journal       = {Journal of Computational Physics},
	publisher     = {Elsevier},
	volume        = 231,
	number        = 23,
	pages         = {7815--7850}
}
@article{kim2015tractable,
	title         = {Tractable Fully {B}ayesian Inference via Convex Optimization and Optimal Transport Theory},
	author        = {Kim, Sanggyun and Mesa, Diego and Ma, Rui and Coleman, Todd P},
	year          = 2015,
	journal       = {arXiv preprint arXiv:1509.08582}
}
@phdthesis{parno2015transport,
	title         = {Transport maps for accelerated {B}ayesian computation},
	author        = {Parno, Matthew},
	year          = 2015,
	school        = {Massachusetts Institute of Technology}
}
@article{cuestaalbertos1993optimal,
	title         = {Optimal coupling of multivariate distributions and stochastic processes},
	author        = {Cuesta-Albertos, Juan and Ruschendorf, L and Tuero-Diaz, Araceli},
	year          = 1993,
	journal       = {Journal of Multivariate Analysis},
	publisher     = {Elsevier},
	volume        = 46,
	number        = 2,
	pages         = {335--361}
}
@article{agueh2011barycenters,
	title         = {Barycenters in the {W}asserstein space},
	author        = {Agueh, Martial and Carlier, Guillaume},
	year          = 2011,
	journal       = {SIAM Journal on Mathematical Analysis},
	publisher     = {SIAM},
	volume        = 43,
	number        = 2,
	pages         = {904--924}
}
@article{pass2013optimal,
	title         = {Optimal transportation with infinitely many marginals},
	author        = {Pass, Brendan},
	year          = 2013,
	journal       = {Journal of Functional Analysis},
	publisher     = {Elsevier},
	volume        = 264,
	number        = 4,
	pages         = {947--963}
}
@article{kim2017wasserstein,
	title         = {{W}asserstein barycenters over {R}iemannian manifolds},
	author        = {Kim, Young-Heon and Pass, Brendan},
	year          = 2017,
	journal       = {Advances in Mathematics},
	publisher     = {Elsevier},
	volume        = 307,
	pages         = {640--683}
}
@article{le2017existence,
	title         = {Existence and consistency of {W}asserstein barycenters},
	author        = {Le Gouic, Thibaut and Loubes, Jean-Michel},
	year          = 2017,
	journal       = {Probability Theory and Related Fields},
	publisher     = {Springer},
	volume        = 168,
	number        = {3-4},
	pages         = {901--917}
}
@article{bigot2012consistent,
	title         = {Consistent estimation of a population barycenter in the {W}asserstein space},
	author        = {Bigot, J{\'e}r{\'e}mie and Klein, Thierry and others},
	year          = 2012,
	journal       = {ArXiv e-prints}
}
@article{bigot2012characterization,
	title         = {Characterization of barycenters in the {W}asserstein space by averaging optimal transport maps},
	author        = {Bigot, J{\'e}r{\'e}mie and Klein, Thierry},
	year          = 2012,
	journal       = {arXiv preprint arXiv:1212.2562}
}
@article{alvarez2015note,
	title         = {A note on the computation of {W}asserstein barycenters.},
	author        = {{\'A}lvarez-Esteban, Pedro C and del Barrio, E and Cuesta-Albertos, JA and Matr{\'a}n, C},
	year          = 2015,
	publisher     = {Citeseer},
	journal={Preprint}
}
@inproceedings{mallasto2017learning,
	title         = {Learning from uncertain curves: The 2-{W}asserstein metric for {G}aussian processes},
	author        = {Mallasto, Anton and Feragen, Aasa},
	year          = 2017,
	booktitle     = {Advances in Neural Information Processing Systems},
	pages         = {5665--5674}
}
@article{ambrosio2004gradient,
	title         = {Gradient flows with metric and differentiable structures, and applications to the {W}asserstein space},
	author        = {Ambrosio, Luigi and Gigli, Nicola and Savar{\'e}, Giuseppe},
	year          = 2004,
	journal       = {Atti Accad. Naz. Lincei Cl. Sci. Fis. Mat. Natur. Rend. Lincei (9) Mat. Appl},
	volume        = 15,
	number        = {3-4},
	pages         = {327--343}
}
@book{villani2003topics,
	title         = {Topics in optimal transportation},
	author        = {Villani, C{\'e}dric},
	year          = 2003,
	publisher     = {American Mathematical Soc.},
	series        = {Graduate Studies in Mathematics},
	number        = 58
}
@book{villani2008optimal,
	title         = {Optimal transport: old and new},
	author        = {Villani, C{\'e}dric},
	year          = 2008,
	publisher     = {Springer Science \& Business Media},
	volume        = 338,
	isbn          = 9783540710509,
	lccn          = 2008932183
}
@article{santambrogio2015optimal,
	title         = {Optimal transport for applied mathematicians},
	author        = {Santambrogio, Filippo},
	year          = 2015,
	journal       = {Birk{\"a}user, NY},
	publisher     = {Springer},
	pages         = {99--102}
}
@article{kolouri2017optimal,
	title         = {Optimal Mass Transport: Signal processing and machine-learning applications},
	author        = {Kolouri, Soheil and Park, Se Rim and Thorpe, Matthew and Slepcev, Dejan and Rohde, Gustavo K},
	year          = 2017,
	journal       = {IEEE Signal Processing Magazine},
	publisher     = {IEEE},
	volume        = 34,
	number        = 4,
	pages         = {43--59}
}
@inproceedings{cuturi2013sinkhorn,
	title         = {Sinkhorn distances: Lightspeed computation of optimal transport},
	author        = {Cuturi, Marco},
	year          = 2013,
	booktitle     = {Advances in neural information processing systems},
	publisher     = {Curran Associates, Inc.},
	pages         = {2292--2300}
}
@inproceedings{cuturi2014fast,
	title         = {Fast computation of {W}asserstein barycenters},
	author        = {Cuturi, Marco and Doucet, Arnaud},
	year          = 2014,
	booktitle     = {International Conference on Machine Learning},
	pages         = {685--693}
}
@inproceedings{frogner2015learning,
	title         = {Learning with a {W}asserstein loss},
	author        = {Frogner, Charlie and Zhang, Chiyuan and Mobahi, Hossein and Araya, Mauricio and Poggio, Tomaso A},
	year          = 2015,
	booktitle     = {Advances in Neural Information Processing Systems},
	pages         = {2053--2061}
}
@article{montavon2015wasserstein,
	title         = {{W}asserstein training of Boltzmann machines},
	author        = {Montavon, Gr{\'e}goire and M{\"u}ller, Klaus-Robert and Cuturi, Marco},
	year          = 2015,
	journal       = {arXiv preprint arXiv:1507.01972}
}
@inproceedings{arjovsky2017wasserstein,
	title         = {{W}asserstein Generative Adversarial Networks},
	author        = {Martin Arjovsky and Soumith Chintala and L{\'e}on Bottou},
	year          = 2017,
	booktitle     = {Proceedings of the International Conference on Machine Learning},
	publisher     = {PMLR},
	volume        = 70,
	pages         = {214--223}
}
@article{courty2017optimal,
	title         = {Optimal transport for domain adaptation},
	author        = {Courty, Nicolas and Flamary, R{\'e}mi and Tuia, Devis and Rakotomamonjy, Alain},
	year          = 2017,
	journal       = {IEEE transactions on pattern analysis and machine intelligence},
	publisher     = {IEEE},
	volume        = 39,
	number        = 9,
	pages         = {1853--1865}
}
@book{ghosal2017fundamentals,
	title         = {Fundamentals of nonparametric {B}ayesian inference},
	author        = {Ghosal, Subhashis and van der Vaart, Aad},
	year          = 2017,
	publisher     = {Cambridge University Press},
	volume        = 44
}
@article{schwartz1965bayes,
	title         = {On bayes procedures},
	author        = {Schwartz, Lorraine},
	year          = 1965,
	journal       = {Zeitschrift f{\"u}r Wahrscheinlichkeitstheorie und verwandte Gebiete},
	publisher     = {Springer},
	volume        = 4,
	number        = 1,
	pages         = {10--26}
}
@article{diaconis1986consistency,
	title         = {On the consistency of Bayes estimates},
	author        = {Diaconis, Persi and Freedman, David},
	year          = 1986,
	journal       = {The Annals of Statistics},
	publisher     = {JSTOR},
	pages         = {1--26}
}
@article{panaretos2017frechet,
	title         = {Fr{\'e}chet means and Procrustes analysis in {W}asserstein space},
	author        = {Panaretos, VM and Zemel, Y},
	year          = 2017,
	journal       = {Bernoulli}
}
@article{gelman2008weakly,
	title         = {A weakly informative default prior distribution for logistic and other regression models},
	author        = {Gelman, Andrew and Jakulin, Aleks and Pittau, Maria Grazia and Su, Yu-Sung and others},
	year          = 2008,
	journal       = {The Annals of Applied Statistics},
	publisher     = {Institute of Mathematical Statistics},
	volume        = 2,
	number        = 4,
	pages         = {1360--1383}
}
@article{scikit-learn,
	title         = {Scikit-learn: Machine Learning in {P}ython},
	author        = {Pedregosa, F. and Varoquaux, G. and Gramfort, A. and Michel, V. and Thirion, B. and Grisel, O. and Blondel, M. and Prettenhofer, P. and Weiss, R. and Dubourg, V. and Vanderplas, J. and Passos, A. and Cournapeau, D. and Brucher, M. and Perrot, M. and Duchesnay, E.},
	year          = 2011,
	journal       = {Journal of Machine Learning Research},
	volume        = 12,
	pages         = {2825--2830}
}
@book{murphybook2012,
	title         = {Machine learning: a probabilistic perspective},
	author        = {Kevin P Murphy},
	year          = 2012,
	publisher     = {MIT press},
	address       = {Cambridge, MA}
}
@article{grendar2009,
	title         = {Asymptotic equivalence of empirical likelihood and {B}ayesian MAP},
	author        = {Grend\'{a}r, Marian and Judge, George},
	year          = 2009,
	month         = 10,
	journal       = {Ann. Statist.},
	publisher     = {The Institute of Mathematical Statistics},
	volume        = 37,
	number        = {5A},
	pages         = {2445--2457},
	fjournal      = {The Annals of Statistics}
}
@phdthesis{kleijn2004bayesian,
	title         = {{B}ayesian asymptotics under misspecification},
	author        = {Kleijn, Bastiaan Jan Korneel and others},
	year          = 2004,
	school        = {Vrije Universiteit Amsterdam}
}
@article{kleijn2012bernstein,
	title         = {The {B}ernstein-von-{M}ises theorem under misspecification},
	author        = {Kleijn, Bastiaan Jan Korneel and Van der Vaart, Adrianus Willem and others},
	year          = 2012,
	journal       = {Electronic Journal of Statistics},
	publisher     = {The Institute of Mathematical Statistics and the Bernoulli Society},
	volume        = 6,
	pages         = {354--381}
}
@article{berk1966,
	title         = {Limiting behavior of posterior distributions when the model is incorrect},
	author        = {Berk, Robert H and others},
	year          = 1966,
	journal       = {The Annals of Mathematical Statistics},
	publisher     = {Institute of Mathematical Statistics},
	volume        = 37,
	number        = 1,
	pages         = {51--58}
}
@article{zemel2017fr,
	title         = {Fr\$\backslash\$'echet Means and Procrustes Analysis in Wasserstein Space},
	author        = {Zemel, Yoav and Panaretos, Victor M},
	year          = 2017,
	journal       = {arXiv preprint arXiv:1701.06876}
}
@article{panaretos2018statistical,
	title         = {Statistical Aspects of Wasserstein Distances},
	author        = {Panaretos, Victor M and Zemel, Yoav},
	year          = 2018,
	journal       = {arXiv preprint arXiv:1806.05500},
	publisher     = {Annual Reviews}
}
@article{boissard2015distribution,
	title         = {Distribution's template estimate with Wasserstein metrics},
	author        = {Boissard, Emmanuel and Le Gouic, Thibaut and Loubes, Jean-Michel and others},
	year          = 2015,
	journal       = {Bernoulli},
	publisher     = {Bernoulli Society for Mathematical Statistics and Probability},
	volume        = 21,
	number        = 2,
	pages         = {740--759}
}
@article{claici2018stochastic,
	title         = {Stochastic wasserstein barycenters},
	author        = {Claici, Sebastian and Chien, Edward and Solomon, Justin},
	year          = 2018,
	journal       = {arXiv preprint arXiv:1802.05757}
}
@article{bottou2018optimization,
	title         = {Optimization methods for large-scale machine learning},
	author        = {Bottou, L{\'e}on and Curtis, Frank E and Nocedal, Jorge},
	year          = 2018,
	journal       = {SIAM Review},
	publisher     = {SIAM},
	volume        = 60,
	number        = 2,
	pages         = {223--311}
}
@article{bottou1998online,
	title         = {Online learning and stochastic approximations},
	author        = {Bottou, L{\'e}on},
	year          = 1998,
	journal       = {On-line learning in neural networks},
	volume        = 17,
	number        = 9,
	pages         = 142
}
@article{wu2004large,
	title         = {Large deviation principle for exchangeable sequences: necessary and sufficient condition},
	author        = {Wu, L},
	year          = 2004,
	journal       = {Journal of Theoretical Probability},
	publisher     = {Springer},
	volume        = 17,
	number        = 4,
	pages         = {967--978}
}
@article{wang2010sanov,
	title         = {Sanov's theorem in the Wasserstein distance: a necessary and sufficient condition},
	author        = {Wang, Ran and Wang, Xinyu and Wu, Liming},
	year          = 2010,
	journal       = {Statistics \& Probability Letters},
	publisher     = {Elsevier},
	volume        = 80,
	number        = {5-6},
	pages         = {505--512}
}
@book{massart2007concentration,
	title         = {Concentration inequalities and model selection},
	author        = {Massart, Pascal},
	year          = 2007,
	publisher     = {Springer}
}
@article{gibbs2002choosing,
	title         = {On choosing and bounding probability metrics},
	author        = {Gibbs, Alison L and Su, Francis Edward},
	year          = 2002,
	journal       = {International statistical review},
	publisher     = {Wiley Online Library},
	volume        = 70,
	number        = 3,
	pages         = {419--435}
}
@article{donnelly2010devil,
	title         = {The devil is in the tails: actuarial mathematics and the subprime mortgage crisis},
	author        = {Donnelly, Catherine and Embrechts, Paul},
	year          = 2010,
	journal       = {ASTIN Bulletin: The Journal of the IAA},
	publisher     = {Cambridge University Press},
	volume        = 40,
	number        = 1,
	pages         = {1--33}
}
@incollection{bnse,
	title         = {Bayesian Nonparametric Spectral Estimation},
	author        = {Tobar, Felipe},
	year          = 2018,
	booktitle     = {Advances in Neural Information Processing Systems 31},
	publisher     = {Curran Associates, Inc.},
	pages         = {10148--10158}
}
@article{alvarez_lawrence,
	title         = {Computationally Efficient Convolved Multiple Output {G}saussian Processes},
	author        = {Mauricio A. \'{A}lvarez and Neil D. Lawrence},
	year          = 2011,
	journal       = {Journal of Machine Learning Research},
	volume        = 12,
	number        = {May},
	pages         = {1459--s1500}
}
@book{wright1999numerical,
	title         = {Numerical Optimization},
	author        = {Jorge Nocedal and Stephen J. Wright},
	year          = 2006,
	publisher     = {Springer},
	address       = {New York, NY, USA},
	edition       = {second}
}
@article{representation_NN,
	title         = {Modular representation of layered neural networks},
	author        = {Chihiro Watanabe and Kaoru Hiramatsu and Kunio Kashino},
	year          = 2018,
	journal       = {Neural Networks},
	volume        = 97,
	pages         = {62--73}
}
@article{DL_overview,
	title         = {Deep learning in neural networks: {A}n overview},
	author        = {J\"{u}rgen Schmidhuber},
	year          = 2015,
	journal       = {Neural Networks},
	volume        = 61,
	pages         = {85--117}
}
@article{powell1964efficient,
	title         = {An efficient method for finding the minimum of a function of several variables without calculating derivatives},
	author        = {Powell, M. J. D.},
	year          = 1964,
	journal       = {The computer journal},
	publisher     = {Oxford University Press},
	volume        = 7,
	number        = 2,
	pages         = {155--162}
}
@inproceedings{duvenaud2013structure,
	title         = {Structure Discovery in Nonparametric Regression through Compositional Kernel Search},
	author        = {Duvenaud, David and Lloyd, James and Grosse, Roger and Tenenbaum, Joshua and Zoubin, Ghahramani},
	year          = 2013,
	booktitle     = {International Conference on Machine Learning},
	pages         = {1166--1174}
}
@incollection{MOSM,
	title         = {Spectral Mixture Kernels for Multi-Output {G}aussian Processes},
	author        = {Parra, Gabriel and Tobar, Felipe},
	year          = 2017,
	booktitle     = {Advances in Neural Information Processing Systems 30},
	publisher     = {Curran Associates, Inc.},
	pages         = {6681--6690}
}
@article{sunspots,
	title         = {{The International Sunspot Number}},
	author        = {{SILSO World Data Center}},
	year          = {1700-2008},
	journal       = {International Sunspot Number Monthly Bulletin and online catalogue},
	address       = {Royal Observatory of Belgium, avenue Circulaire 3, 1180 Brussels, Belgium}
}
@book{Goodfellow-et-al-2016,
	title         = {Deep Learning},
	author        = {Ian Goodfellow and Yoshua Bengio and Aaron Courville},
	year          = 2016,
	publisher     = {MIT Press}
}
@article{bengio2009learning,
	title         = {Learning deep architectures for {AI}},
	author        = {Bengio, Yoshua and others},
	year          = 2009,
	journal       = {Foundations and trends{\textregistered} in Machine Learning},
	publisher     = {Now Publishers, Inc.},
	volume        = 2,
	number        = 1,
	pages         = {1--127}
}
@incollection{nips15,
	title         = {Learning Stationary Time Series using {G}aussian Processes with Nonparametric Kernels},
	author        = {Tobar, Felipe and Bui, Thang D. and Turner, Richard E.},
	year          = 2015,
	booktitle     = {Advances in Neural Information Processing Systems 28},
	publisher     = {Curran Associates, Inc.},
	pages         = {3501--3509},
	editor        = {C. Cortes and N. D. Lawrence and D. D. Lee and M. Sugiyama and R. Garnett}
}
@book{crisan09,
	title         = {Fundamentals of Stochastic Filtering},
	author        = {Alan Bain and Dan Crisan},
	year          = 2009,
	publisher     = {Springer}
}
@article{tabak2013,
	title         = {A family of nonparametric density estimation algorithms},
	author        = {Tabak, E. G. and Turner, C. V.},
	year          = 2013,
	journal       = {Communications on Pure and Applied Mathematics},
	volume        = 66,
	number        = 2,
	pages         = {145–164}
}
@article{tabak2010,
	title         = {Density estimation	by dual ascent of the log-likelihood},
	author        = {Tabak, E. G and Vanden-Eijnden, E},
	year          = 2010,
	journal       = {Communications in Mathematical Sciences},
	volume        = 8,
	number        = 1,
	pages         = {217–233}
}
@article{Hornik:1993,
	title         = {Some New Results on Neural Network Approximation},
	author        = {Hornik, K.},
	year          = 1993,
	journal       = {Neural Networks},
	publisher     = {Elsevier Science Ltd.},
	address       = {Oxford, UK, UK},
	volume        = 6,
	number        = 8,
	pages         = {1069--1072},
	issn          = {0893-6080}
}
@incollection{NIPS1996_1197,
	title         = {Computing with Infinite Networks},
	author        = {Christopher K. I. Williams},
	year          = 1997,
	booktitle     = {Advances in Neural Information Processing Systems 9},
	publisher     = {MIT Press},
	pages         = {295--301}
}
@book{Neal:ARD,
	title         = {Bayesian Learning for Neural Networks},
	author        = {Neal, Radford M.},
	year          = 1996,
	publisher     = {Springer-Verlag New York, Inc.},
	address       = {Secaucus, NJ, USA},
	isbn          = 387947248
}
@inproceedings{damianou2013deep,
	title         = {Deep gaussian processes},
	author        = {Damianou, Andreas and Lawrence, Neil},
	year          = 2013,
	booktitle     = {Artificial Intelligence and Statistics},
	pages         = {207--215}
}
@book{tao2011introduction,
	title         = {An Introduction to Measure Theory},
	author        = {Tao, Terence},
	year          = 2011,
	publisher     = {American Mathematical Society},
	volume        = 126
}
@book{gausshermite64,
	title         = {Handbook of Mathematical Functions: With Formulas, Graphs, and Mathematical Tables},
	author        = {Abramowitz, Milton and Stegun, Irene A},
	year          = 1964,
	publisher     = {Courier Corporation}
}
@incollection{bayesianwarped12,
	title         = {Bayesian Warped {G}aussian Processes},
	author        = {Miguel L\'{a}zaro-Gredilla},
	year          = 2012,
	journal       = {NIPS},
	booktitle     = {Advances in Neural Information Processing Systems 25},
	publisher     = {Curran Associates, Inc.},
	volume        = 25,
	pages         = {1619--1627},
	editor        = {F. Pereira and C. J. C. Burges and L. Bottou and K. Q. Weinberger}
}
@inproceedings{titsias2009variational,
	title         = {Variational Learning of Inducing Variables in Sparse {G}aussian Processes},
	author        = {Michalis Titsias},
	year          = 2009,
	booktitle     = {Proc. of the International Conference on Artificial Intelligence and Statistics},
	volume        = 5,
	pages         = {567--574},
	editor        = {David van Dyk and Max Welling}
}
@article{boxcox,
	title         = {An analysis of transformations revisited},
	author        = {Bickel, Peter J. and Kjell A. Doksum},
	year          = 1981,
	journal       = {Journal of the American Statistical Association},
	volume        = 76,
	pages         = {296--311}
}
@article{boxcoxpowernormal,
	title         = {Inverse {Box--Cox}: {T}he power-normal distribution},
	author        = {Freeman, Jade and Modarres, Reza},
	year          = 2006,
	journal       = {Statistics \& Probability Letters},
	publisher     = {Elsevier},
	volume        = 76,
	number        = 8,
	pages         = {764--772}
}
@article{gpmm17,
	title         = {Recovering Latent Signals From a Mixture of Measurements Using a {G}aussian Process Prior},
	author        = {Tobar, Felipe and Rios, Gonzalo and Valdivia, Tom{\'a}s and Guerrero, Pablo},
	year          = 2017,
	journal       = {IEEE Signal Processing Letters},
	publisher     = {IEEE},
	volume        = 24,
	number        = 2,
	pages         = {231--235}
}
@article{sakia1992box,
	title         = {The {B}ox-{C}ox transformation technique: {A} review},
	author        = {Sakia, Remi M.},
	year          = 1992,
	journal       = {The Statistician},
	publisher     = {JSTOR},
	pages         = {169--178}
}
@incollection{wilson2010copula,
	title         = {Copula Processes},
	author        = {Wilson, Andrew and Ghahramani, Zoubin},
	year          = 2010,
	booktitle     = {Advances in Neural Information Processing Systems 23},
	publisher     = {Curran Associates, Inc.},
	pages         = {2460--2468},
	editor        = {J. D. Lafferty and C. K. I. Williams and J. Shawe-Taylor and R. S. Zemel and A. Culotta}
}
@inproceedings{shah2014student,
	title         = {Student-t Processes as Alternatives to {G}aussian Processes.},
	author        = {Shah, Amar and Wilson, Andrew Gordon and Ghahramani, Zoubin},
	year          = 2014,
	booktitle     = {AISTATS},
	pages         = {877--885}
}
@article{johnsonsu,
	title         = {Systems of Frequency Curves Generated by Methods of Translation},
	author        = {Norman L. Johnson},
	year          = 1949,
	journal       = {Biometrika},
	volume        = 36,
	number        = {1/2},
	pages         = {149--176}
}
@article{Sinharcsinh,
	title         = {Sinh-{A}rcsinh distributions},
	author        = {Jones, M. Chris and Pewsey, Arthur},
	year          = 2009,
	journal       = {Biometrika},
	volume        = 96,
	number        = 4,
	pages         = 761
}
@book{hogg1995introduction,
	title         = {Introduction to Mathematical Statistics},
	author        = {Hogg, Robert V. and Craig, Allen T.},
	year          = 1995,
	publisher     = {Upper Saddle River, New Jersey: Prentice Hall},
	edition       = {Fifth}
}
@book{atkinson2008introduction,
	title         = {An Introduction to Numerical Analysis},
	author        = {Atkinson, Kendall E.},
	year          = 2008,
	publisher     = {John Wiley \& Sons}
}
@misc{g3py,
	title         = {G3py: Generalized Graphical {G}aussian Processes, github.com/griosd/g3py},
	author        = {Rios, Gonzalo},
	year          = 2017
}
@book{aitchison1976lognormal,
	title         = {The Lognormal Distribution},
	author        = {Aitchison, John and Brown, James Alexander Campbell},
	year          = 1976,
	publisher     = {CUP Archive},
	volume        = 5
}
@inproceedings{rezende2015variational,
	title         = {Variational inference with normalizing flows},
	author        = {Rezende, Danilo Jimenez and Mohamed, Shakir},
	year          = 2015,
	booktitle     = {Proceedings of the 32nd International Conference on International Conference on Machine Learning-Volume 37},
	pages         = {1530--1538},
	organization  = {JMLR. org}
}
@book{araujo1980central,
	title         = {The Central Limit Theorem for Real and Banach Valued Random Variables},
	author        = {Araujo, Aloisio and Gin{\'e}, Evarist},
	year          = 1980,
	publisher     = {Wiley New York},
	volume        = 431
}
@article{powernormal,
	title         = {Properties of the Power Normal Distribution},
	author        = {Freeman, J. and Modarres, R.},
	year          = 2002,
	journal       = {Department of Statistics. George Washington University}
}
@article{kelker1970distribution,
	title         = {Distribution theory of spherical distributions and a location-scale parameter generalization},
	author        = {Kelker, Douglas},
	year          = 1970,
	journal       = {Sankhy{\=a}: The Indian Journal of Statistics, Series A},
	publisher     = {JSTOR},
	pages         = {419--430}
}
@article{demarta2005t,
	title         = {The t copula and related copulas},
	author        = {Demarta, Stefano and McNeil, Alexander J},
	year          = 2005,
	journal       = {International Statistical Review/Revue Internationale de Statistique},
	publisher     = {JSTOR},
	pages         = {111--129}
}
@article{adcock2012multivariate,
	title         = {On the multivariate extended skew-normal, normal-exponential, and normal-gamma distributions},
	author        = {Adcock, CJ and Shutes, K},
	year          = 2012,
	journal       = {Journal of Statistical Theory and Practice},
	publisher     = {Taylor \& Francis},
	volume        = 6,
	number        = 4,
	pages         = {636--664}
}
@article{alodat2014skew,
	title         = {The extended skew Gaussian process for regression},
	author        = {Alodat , M. T. and AL-Rawwash, M. Y.},
	year          = 2014,
	journal       = {METRON},
	volume        = 72,
	number        = 3,
	pages         = {317--330}
}
@article{quinonero2005unifying,
	title         = {A unifying view of sparse approximate Gaussian process regression},
	author        = {Qui{\~n}onero-Candela, Joaquin and Rasmussen, Carl Edward},
	year          = 2005,
	journal       = {Journal of Machine Learning Research},
	volume        = 6,
	number        = {Dec},
	pages         = {1939--1959}
}
@inproceedings{snelson2006sparse,
	title         = {Sparse Gaussian processes using pseudo-inputs},
	author        = {Snelson, Edward and Ghahramani, Zoubin},
	year          = 2006,
	booktitle     = {Advances in neural information processing systems},
	pages         = {1257--1264}
}
@inproceedings{boyle2005dependent,
	title         = {Dependent gaussian processes},
	author        = {Boyle, Phillip and Frean, Marcus},
	year          = 2005,
	booktitle     = {Advances in neural information processing systems},
	pages         = {217--224}
}
@inproceedings{bonilla2008multi,
	title         = {Multi-task Gaussian process prediction},
	author        = {Bonilla, Edwin V and Chai, Kian M and Williams, Christopher},
	year          = 2008,
	booktitle     = {Advances in neural information processing systems},
	pages         = {153--160}
}
@article{alvarez2011computationally,
	title         = {Computationally efficient convolved multiple output Gaussian processes},
	author        = {{\'A}lvarez, Mauricio A and Lawrence, Neil D},
	year          = 2011,
	journal       = {Journal of Machine Learning Research},
	volume        = 12,
	number        = {May},
	pages         = {1459--1500}
}
@article{alvarez2012kernels,
	title         = {Kernels for vector-valued functions: A review},
	author        = {Alvarez, Mauricio A and Rosasco, Lorenzo and Lawrence, Neil D and others},
	year          = 2012,
	journal       = {Foundations and Trends{\textregistered} in Machine Learning},
	publisher     = {Now Publishers, Inc.},
	volume        = 4,
	number        = 3,
	pages         = {195--266}
}
@article{chen2017multivariate,
	title         = {Multivariate Gaussian and Student \$-t \$ Process Regression for Multi-output Prediction},
	author        = {Chen, Zexun and Wang, Bo and Gorban, Alexander N},
	year          = 2017,
	journal       = {arXiv preprint arXiv:1703.04455}
}
@article{cressie1990origins,
	title         = {The origins of kriging},
	author        = {Cressie, Noel},
	year          = 1990,
	journal       = {Mathematical geology},
	publisher     = {Springer},
	volume        = 22,
	number        = 3,
	pages         = {239--252}
}
@book{stein2012interpolation,
	title         = {Interpolation of spatial data: some theory for kriging},
	author        = {Stein, Michael L},
	year          = 2012,
	publisher     = {Springer Science \& Business Media}
}
@article{owen1983class,
	title         = {On the class of elliptical distributions and their applications to the theory of portfolio choice},
	author        = {Owen, Joel and Rabinovitch, Ramon},
	year          = 1983,
	journal       = {The Journal of Finance},
	publisher     = {Wiley Online Library},
	volume        = 38,
	number        = 3,
	pages         = {745--752}
}
@book{demmel1997applied,
	title         = {Applied numerical linear algebra},
	author        = {Demmel, James W},
	year          = 1997,
	publisher     = {Siam},
	volume        = 56
}
@book{brooks2011handbook,
	title         = {Handbook of markov chain monte carlo},
	author        = {Brooks, Steve and Gelman, Andrew and Jones, Galin and Meng, Xiao-Li},
	year          = 2011,
	publisher     = {CRC press}
}
@article{neal2003slice,
	title         = {Slice sampling},
	author        = {Neal, Radford M and others},
	year          = 2003,
	journal       = {The annals of statistics},
	publisher     = {Institute of Mathematical Statistics},
	volume        = 31,
	number        = 3,
	pages         = {705--767}
}
@article{foreman2013emcee,
	title         = {emcee: the MCMC hammer},
	author        = {Foreman-Mackey, Daniel and Hogg, David W and Lang, Dustin and Goodman, Jonathan},
	year          = 2013,
	journal       = {Publications of the Astronomical Society of the Pacific},
	publisher     = {IOP Publishing},
	volume        = 125,
	number        = 925,
	pages         = 306
}
@article{mcneil2009multivariate,
	title         = {Multivariate Archimedean copulas, d-monotone functions and $\ell1$-norm symmetric distributions},
	author        = {McNeil, Alexander J and Ne$\check{s}$lehov{\'a}, Johanna and others},
	year          = 2009,
	journal       = {The Annals of Statistics},
	publisher     = {Institute of Mathematical Statistics},
	volume        = 37,
	number        = {5B},
	pages         = {3059--3097}
}

@book{matthias2017simulating,
	title         = {Simulating copulas: stochastic models, sampling algorithms, and applications},
	author        = {Matthias, Scherer and Jan-frederik, Mai},
	year          = 2017,
	publisher     = {\# N/A},
	volume        = 6
}
@misc{tb3ms,
	title         = {Federal Reserve Economic Data},
	author        = {{Federal Reserve Bank of St. Louis}},
	year          = 2009,
	url           = {http://research.stlouisfed.org/fred2/},
	urldate       = {December, 2009}
}
@article{wong1995probability,
	title         = {Probability inequalities for likelihood ratios and convergence rates of sieve MLEs},
	author        = {Wong, Wing Hung and Shen, Xiaotong},
	year          = 1995,
	journal       = {The Annals of Statistics},
	publisher     = {Institute of Mathematical Statistics},
	volume        = 23,
	number        = 2,
	pages         = {339--362}
}
@article{GGV00,
	title         = {Convergence rates of posterior distributions},
	author        = {Ghosal, Subhashis and Ghosh, Jayanta K and Van Der Vaart, Aad},
	year          = 2000,
	journal       = {Annals of Statistics},
	publisher     = {IMS INSTITUTE OF MATHEMATICAL STATISTICS},
	volume        = 28,
	number        = 2,
	pages         = {500--531}
}
@article{N13,
	title         = {Convergence of latent mixing measures in finite and infinite mixture models},
	author        = {Nguyen, XuanLong},
	year          = 2013,
	journal       = {The Annals of Statistics},
	publisher     = {Institute of Mathematical Statistics},
	volume        = 41,
	number        = 1,
	pages         = {370--400}
}
@article{N16,
	title         = {Borrowing strengh in hierarchical Bayes: Posterior concentration of the Dirichlet base measure},
	author        = {Nguyen, XuanLong},
	year          = 2016,
	journal       = {Bernoulli},
	publisher     = {Bernoulli Society for Mathematical Statistics and Probability},
	volume        = 22,
	number        = 3,
	pages         = {1535--1571}
}
@article{MSLD17,
	title         = {Robust and scalable Bayes via a median of subset posterior measures},
	author        = {Minsker, Stanislav and Srivastava, Sanvesh and Lin, Lizhen and Dunson, David},
	year          = 2017,
	journal       = {The Journal of Machine Learning Research},
	publisher     = {JMLR. org},
	volume        = 18,
	number        = 1,
	pages         = {4488--4527}
}
@article{LSD17,
	title         = {Simple, scalable and accurate posterior interval estimation},
	author        = {Li, Cheng and Srivastava, Sanvesh and Dunson, David},
	year          = 2017,
	journal       = {Biometrika},
	publisher     = {Oxford University Press},
	volume        = 104,
	number        = 3,
	pages         = {665--680}
}
@article{SLD18,
	title         = {Scalable Bayes via barycenter in Wasserstein space},
	author        = {Srivastava, Sanvesh and Li, Cheng and Dunson, David},
	year          = 2018,
	journal       = {The Journal of Machine Learning Research},
	publisher     = {JMLR. org},
	volume        = 19,
	number        = 1,
	pages         = {312--346}
}
@inproceedings{SCDD15,
	title         = {WASP: Scalable Bayes via barycenters of subset posteriors},
	author        = {Srivastava, Sanvesh and Cevher, Volkan and Dinh, Quoc and Dunson, David},
	year          = 2015,
	booktitle     = {Artificial Intelligence and Statistics},
	pages         = {912--920}
}
@article{alvarez2018wide,
	title         = {Wide Consensus aggregation in the {W}asserstein Space. Application to location-scatter families},
	author        = {\'Alvarez-Esteban, Pedro C and del Barrio, Eustasio and Cuesta-Albertos, Juan A and Matr{\'a}n, Carlos},
	year          = 2018,
	journal       = {Bernoulli},
	publisher     = {Bernoulli Society for Mathematical Statistics and Probability},
	volume        = 24,
	number        = {4A},
	pages         = {3147--3179}
}
@article{alvarez2016fixed,
	title         = {A fixed-point approach to barycenters in {W}asserstein space},
	author        = {\'Alvarez-Esteban, Pedro C and del Barrio, Eustasio and Cuesta-Albertos, Juan A and Matr{\'a}n, Carlos},
	year          = 2016,
	journal       = {Journal of Mathematical Analysis and Applications},
	publisher     = {Elsevier},
	volume        = 441,
	number        = 2,
	pages         = {744--762}
}
@article{alfonsi2014remark,
	title         = {A remark on the optimal transport between two probability measures sharing the same copula},
	author        = {Alfonsi, Aur{\'e}lien and Jourdain, Benjamin},
	year          = 2014,
	journal       = {Statistics \& Probability Letters},
	publisher     = {Elsevier},
	volume        = 84,
	pages         = {131--134}
}
@misc{flamary2017pot,
	title         = {{POT Python Optimal Transport library}},
	author        = {Flamary, R\'{e}mi and Courty, Nicolas},
	year          = 2017,
	url           = {https://github.com/rflamary/POT}
}

@article{sklar1959fonctions,
	title         = {Fonctions de repartition an dimensions et leurs marges},
	author        = {Sklar, M},
	year          = 1959,
	journal       = {Publ. inst. statist. univ. Paris},
	volume        = 8,
	pages         = {229--231}
}
@phdthesis{frahm2004generalized,
	title         = {Generalized elliptical distributions: theory and applications},
	author        = {Frahm, Gabriel},
	year          = 2004,
	school        = {Universit{\"a}t zu K{\"o}ln}
}
@book{glass2012theory,
	title        = {Theory of heart: biomechanics, biophysics, and nonlinear dynamics of cardiac function},
	author       = {Glass, Leon and Hunter, Peter and McCulloch, Andrew},
	year         = 2012,
	publisher    = {Springer Science \& Business Media}
}
@book{rubinstein2016simulation,
	title        = {Simulation and the Monte Carlo method},
	author       = {Rubinstein, Reuven Y and Kroese, Dirk P},
	year         = 2016,
	publisher    = {John Wiley \& Sons},
	volume       = 10
}
@inproceedings{riedmiller1993direct,
	title={A direct adaptive method for faster backpropagation learning: The RPROP algorithm},
	author={Riedmiller, Martin and Braun, Heinrich},
	booktitle={Proceedings of the IEEE international conference on neural networks},
	volume={1993},
	pages={586--591},
	year={1993},
	organization={San Francisco}
}
@article{paszke2017automatic,
	title={Automatic differentiation in pytorch},
	author={Paszke, Adam and Gross, Sam and Chintala, Soumith and Chanan, Gregory and Yang, Edward and DeVito, Zachary and Lin, Zeming and Desmaison, Alban and Antiga, Luca and Lerer, Adam},
	year={2017}
}
@online{tpy,
	author = {Rios, Gonzalo},
	title = {Tpy: Transport processes in Python, github.com/griosd/tpy},
	year = 2017
}

@inproceedings{lazaro2012bayesian,
	title={Bayesian warped Gaussian processes},
	author={L{\'a}zaro-Gredilla, Miguel},
	booktitle={Advances in Neural Information Processing Systems},
	pages={1619--1627},
	year={2012}
}


@inproceedings{titsias2010bayesian,
	title={Bayesian Gaussian process latent variable model},
	author={Titsias, Michalis and Lawrence, Neil D},
	booktitle={Proceedings of the Thirteenth International Conference on Artificial Intelligence and Statistics},
	pages={844--851},
	year={2010}
}

@inproceedings{lawrence2004gaussian,
	title={Gaussian process latent variable models for visualisation of high dimensional data},
	author={Lawrence, Neil D},
	booktitle={Advances in neural information processing systems},
	pages={329--336},
	year={2004}
}

@phdthesis{damianou2015deep,
	title={Deep Gaussian processes and variational propagation of uncertainty},
	author={Damianou, Andreas},
	year={2015},
	school={University of Sheffield}
}

@article{li2016review,
	title={A review on Gaussian process latent variable models},
	author={Li, Ping and Chen, Songcan},
	journal={CAAI Transactions on Intelligence Technology},
	volume={1},
	number={4},
	pages={366--376},
	year={2016},
	publisher={Elsevier}
}

@article{damianou2016variational,
	title={Variational inference for latent variables and uncertain inputs in Gaussian processes},
	author={Damianou, Andreas C and Titsias, Michalis K and Lawrence, Neil D},
	journal={The Journal of Machine Learning Research},
	volume={17},
	number={1},
	pages={1425--1486},
	year={2016},
	publisher={JMLR. org}
}

@inproceedings{duvenaud2014avoiding,
	title={Avoiding pathologies in very deep networks},
	author={Duvenaud, David and Rippel, Oren and Adams, Ryan and Ghahramani, Zoubin},
	booktitle={Artificial Intelligence and Statistics},
	pages={202--210},
	year={2014}
}

@inproceedings{salimbeni2017doubly,
	title={Doubly stochastic variational inference for deep Gaussian processes},
	author={Salimbeni, Hugh and Deisenroth, Marc},
	booktitle={Advances in Neural Information Processing Systems},
	pages={4588--4599},
	year={2017}
}

@inproceedings{wang2016sequential,
	title={Sequential inference for deep Gaussian process},
	author={Wang, Yali and Brubaker, Marcus and Chaib-Draa, Brahim and Urtasun, Raquel},
	booktitle={Artificial Intelligence and Statistics},
	pages={694--703},
	year={2016}
}

@inproceedings{bui2016deep,
	title={Deep Gaussian processes for regression using approximate expectation propagation},
	author={Bui, Thang and Hern{\'a}ndez-Lobato, Daniel and Hernandez-Lobato, Jose and Li, Yingzhen and Turner, Richard},
	booktitle={International Conference on Machine Learning},
	pages={1472--1481},
	year={2016}
}

@inproceedings{solin2015state,
	title={State space methods for efficient inference in Student-t process regression},
	author={Solin, Arno and S{\"a}rkk{\"a}, Simo},
	booktitle={Artificial Intelligence and Statistics},
	pages={885--893},
	year={2015}
}

@article{shahriari2015taking,
	title={Taking the human out of the loop: A review of Bayesian optimization},
	author={Shahriari, Bobak and Swersky, Kevin and Wang, Ziyu and Adams, Ryan P and De Freitas, Nando},
	journal={Proceedings of the IEEE},
	volume={104},
	number={1},
	pages={148--175},
	year={2015},
	publisher={IEEE}
}

@article{wilson2011gaussian,
	title={Gaussian process regression networks},
	author={Wilson, Andrew Gordon and Knowles, David A and Ghahramani, Zoubin},
	journal={arXiv preprint arXiv:1110.4411},
	year={2011}
}

@article{krauth2016autogp,
	title={AutoGP: Exploring the capabilities and limitations of Gaussian process models},
	author={Krauth, Karl and Bonilla, Edwin V and Cutajar, Kurt and Filippone, Maurizio},
	journal={arXiv preprint arXiv:1610.05392},
	year={2016}
}
@article{kingma2013auto,
	title={Auto-encoding variational bayes},
	author={Kingma, Diederik P and Welling, Max},
	journal={arXiv preprint arXiv:1312.6114},
	year={2013}
}
@book{gelman2013bayesian,
	title={Bayesian data analysis},
	author={Gelman, Andrew and Carlin, John B and Stern, Hal S and Dunson, David B and Vehtari, Aki and Rubin, Donald B},
	year={2013},
	publisher={Chapman and Hall/CRC}
}
@article{chipman2001practical,
	title={The practical implementation of Bayesian model selection},
	author={Chipman, Hugh and George, Edward I and McCulloch, Robert E and Clyde, Merlise and Foster, Dean P and Stine, Robert A},
	journal={Lecture Notes-Monograph Series},
	pages={65--134},
	year={2001},
	publisher={JSTOR}
}
@book{billingsley2008probability,
	title={Probability and measure},
	author={Billingsley, Patrick},
	year={2008},
	publisher={John Wiley \& Sons}
}
@book{stroock2010probability,
	title={Probability theory: an analytic view},
	author={Stroock, Daniel W},
	year={2010},
	publisher={Cambridge university press}
}
@article{shalizi2010almost,
	title={Almost None of the Theory of Stochastic Processes},
	author={Shalizi, Cosma Rohilla and Kontorovich, Aryeh},
	journal={Lecture Notes},
	year={2010}
}
@book{mukhopadhyay2000probability,
	title={Probability and statistical inference},
	author={Mukhopadhyay, Nitis},
	year={2000},
	publisher={CRC Press}
}
@article{green1995reversible,
	title={Reversible jump Markov chain Monte Carlo computation and Bayesian model determination},
	author={Green, Peter J},
	journal={Biometrika},
	volume={82},
	number={4},
	pages={711--732},
	year={1995},
	publisher={Oxford University Press}
}
@article{murray2008gaussian,
	title={The Gaussian process density sampler},
	author={Murray, Iain and MacKay, David and Adams, Ryan P},
	journal={Advances in neural information processing systems},
	volume={21},
	year={2008}
}
@inproceedings{titsias2009variational,
	title={Variational learning of inducing variables in sparse Gaussian processes},
	author={Titsias, Michalis},
	booktitle={Artificial intelligence and statistics},
	pages={567--574},
	year={2009},
	organization={PMLR}
}
@article{gal2014variational,
	title={Variational inference in sparse Gaussian process regression and latent variable models--a gentle tutorial},
	author={Gal, Yarin and van der Wilk, Mark},
	journal={arXiv preprint arXiv},
	volume={1402},
	year={2014}
}
@inproceedings{matthews2016sparse,
	title={On sparse variational methods and the Kullback-Leibler divergence between stochastic processes},
	author={Matthews, Alexander G de G and Hensman, James and Turner, Richard and Ghahramani, Zoubin},
	booktitle={Artificial Intelligence and Statistics},
	pages={231--239},
	year={2016},
	organization={PMLR}
}
@article{steinwart2006explicit,
	title={An explicit description of the reproducing kernel Hilbert spaces of Gaussian RBF kernels},
	author={Steinwart, Ingo and Hush, Don and Scovel, Clint},
	journal={IEEE Transactions on Information Theory},
	volume={52},
	number={10},
	pages={4635--4643},
	year={2006},
	publisher={IEEE}
}
@book{friedman1982foundations,
	title={Foundations of modern analysis},
	author={Friedman, Avner},
	year={1982},
	publisher={Courier Corporation}
}
@article{aronszajn1950theory,
	title={Theory of reproducing kernels},
	author={Aronszajn, Nachman},
	journal={Transactions of the American mathematical society},
	volume={68},
	number={3},
	pages={337--404},
	year={1950}
}
@article{kimeldorf1971some,
	title={Some results on Tchebycheffian spline functions},
	author={Kimeldorf, George and Wahba, Grace},
	journal={Journal of mathematical analysis and applications},
	volume={33},
	number={1},
	pages={82--95},
	year={1971},
	publisher={Elsevier}
}
@book{skorokhod1974theory,
	title={The theory of stochastic processes},
	author={Skorokhod, Anatolii Vladimirovich and II (Iosif Il'ich) Gikhman},
	year={1974},
	publisher={springer}
}
@inproceedings{wilson2013gaussian,
	title={Gaussian process kernels for pattern discovery and extrapolation},
	author={Wilson, Andrew and Adams, Ryan},
	booktitle={International conference on machine learning},
	pages={1067--1075},
	year={2013},
	organization={PMLR}
}
@article{snelson2005sparse,
	title={Sparse Gaussian processes using pseudo-inputs},
	author={Snelson, Edward and Ghahramani, Zoubin},
	journal={Advances in neural information processing systems},
	volume={18},
	year={2005}
}
@inproceedings{tobar2015modelling,
	title={Modelling of complex signals using Gaussian processes},
	author={Tobar, Felipe and Turner, Richard E},
	booktitle={2015 IEEE International Conference on Acoustics, Speech and Signal Processing (ICASSP)},
	pages={2209--2213},
	year={2015},
	organization={IEEE}
}
@inproceedings{teh2005semiparametric,
	title={Semiparametric latent factor models},
	author={Teh, Yee Whye and Seeger, Matthias and Jordan, Michael I},
	booktitle={International Workshop on Artificial Intelligence and Statistics},
	pages={333--340},
	year={2005},
	organization={PMLR}
}
@article{wilson2010generalised,
	title={Generalised wishart processes},
	author={Wilson, Andrew Gordon and Ghahramani, Zoubin},
	journal={arXiv preprint arXiv:1101.0240},
	year={2010}
}
@article{boyle2004dependent,
	title={Dependent gaussian processes},
	author={Boyle, Phillip and Frean, Marcus},
	journal={Advances in neural information processing systems},
	volume={17},
	year={2004}
}
@article{alvarez2011computationally,
	title={Computationally efficient convolved multiple output Gaussian processes},
	author={Alvarez, Mauricio A and Lawrence, Neil D},
	journal={The Journal of Machine Learning Research},
	volume={12},
	pages={1459--1500},
	year={2011},
	publisher={JMLR. org}
}
@article{alvarez2008sparse,
	title={Sparse convolved Gaussian processes for multi-output regression},
	author={Alvarez, Mauricio and Lawrence, Neil},
	journal={Advances in neural information processing systems},
	volume={21},
	year={2008}
}